<?xml version="1.0" encoding="UTF-8"?>
  <record xmlns="http://www.loc.gov/MARC21/slim" type="Authority">
    <leader>00000nz  a2200000oc 4500</leader>
    <controlfield tag="001">102305617</controlfield>
    <controlfield tag="003">DE-101</controlfield>
    <controlfield tag="005">20220721174821.0</controlfield>
    <controlfield tag="008">920624n||aznnnaabn           | aaa    |c</controlfield>
    <datafield tag="024" ind1="7" ind2=" ">
      <subfield code="a">102305617</subfield>
      <subfield code="0">http://d-nb.info/gnd/102305617</subfield>
      <subfield code="2">gnd</subfield>
    </datafield>
    <datafield tag="035" ind1=" " ind2=" ">
      <subfield code="a">(DE-101)102305617</subfield>
    </datafield>
    <datafield tag="035" ind1=" " ind2=" ">
      <subfield code="a">(DE-588)102305617</subfield>
    </datafield>
    <datafield tag="035" ind1=" " ind2=" ">
      <subfield code="z">(DE-588)1089667566</subfield>
    </datafield>
    <datafield tag="035" ind1=" " ind2=" ">
      <subfield code="z">(DE-588a)102305617</subfield>
      <subfield code="9">v:zg</subfield>
    </datafield>
    <datafield tag="040" ind1=" " ind2=" ">
      <subfield code="a">DE-7</subfield>
      <subfield code="c">DE-7</subfield>
      <subfield code="9">r:DE-601</subfield>
      <subfield code="b">ger</subfield>
      <subfield code="d">9999</subfield>
    </datafield>
    <datafield tag="042" ind1=" " ind2=" ">
      <subfield code="a">gnd3</subfield>
    </datafield>
    <datafield tag="043" ind1=" " ind2=" ">
      <subfield code="c">XA-DE</subfield>
    </datafield>
    <datafield tag="075" ind1=" " ind2=" ">
      <subfield code="b">p</subfield>
      <subfield code="2">gndgen</subfield>
    </datafield>
    <datafield tag="075" ind1=" " ind2=" ">
      <subfield code="b">piz</subfield>
      <subfield code="2">gndspec</subfield>
    </datafield>
    <datafield tag="079" ind1=" " ind2=" ">
      <subfield code="a">g</subfield>
      <subfield code="q">a</subfield>
      <subfield code="q">f</subfield>
      <subfield code="u">v</subfield>
    </datafield>
    <datafield tag="100" ind1="0" ind2=" ">
      <subfield code="a">Johann Ernst</subfield>
      <subfield code="c">Sachsen-Coburg-Eisenach, Herzog</subfield>
      <subfield code="d">1566-1638</subfield>
    </datafield>
    <datafield tag="400" ind1="0" ind2=" ">
      <subfield code="9">L:fre</subfield>
      <subfield code="a">Jean-Ernest</subfield>
      <subfield code="c">Saxe-Cobourg-Eisenach, duc</subfield>
      <subfield code="d">1566-1638</subfield>
      <subfield code="5">CH-GND</subfield>
    </datafield>
    <datafield tag="400" ind1="0" ind2=" ">
      <subfield code="9">L:eng</subfield>
      <subfield code="a">John Ernest</subfield>
      <subfield code="c">Saxe-Coburg-Eisenach, Duke</subfield>
      <subfield code="d">1566-1638</subfield>
      <subfield code="5">CH-GND</subfield>
    </datafield>
    <datafield tag="400" ind1="0" ind2=" ">
      <subfield code="a">Johann Ernst</subfield>
      <subfield code="c">Sachsen-Eisenach, Herzog</subfield>
      <subfield code="d">1566-1638</subfield>
    </datafield>
    <datafield tag="400" ind1="0" ind2=" ">
      <subfield code="a">Johann Ernst</subfield>
      <subfield code="c">Sachsen, Herzog</subfield>
      <subfield code="d">1566-1638</subfield>
    </datafield>
    <datafield tag="400" ind1="0" ind2=" ">
      <subfield code="a">Johann Ernst</subfield>
      <subfield code="c">Sachsen-Coburg, Herzog</subfield>
      <subfield code="d">1566-1638</subfield>
    </datafield>
    <datafield tag="500" ind1="0" ind2=" ">
      <subfield code="0">(DE-101)100031900</subfield>
      <subfield code="0">(DE-588)100031900</subfield>
      <subfield code="0">https://d-nb.info/gnd/100031900</subfield>
      <subfield code="a">Johann Friedrich</subfield>
      <subfield code="b">II.</subfield>
      <subfield code="c">Sachsen, Herzog</subfield>
      <subfield code="d">1529-1595</subfield>
      <subfield code="4">bezf</subfield>
      <subfield code="4">https://d-nb.info/standards/elementset/gnd#familialRelationship</subfield>
      <subfield code="w">r</subfield>
      <subfield code="i">Beziehung familiaer</subfield>
      <subfield code="e">Beziehung familiaer</subfield>
      <subfield code="9">v:Vater</subfield>
    </datafield>
    <datafield tag="500" ind1="0" ind2=" ">
      <subfield code="0">(DE-101)118883151</subfield>
      <subfield code="0">(DE-588)118883151</subfield>
      <subfield code="0">https://d-nb.info/gnd/118883151</subfield>
      <subfield code="a">Johann Casimir</subfield>
      <subfield code="c">Sachsen-Coburg, Herzog</subfield>
      <subfield code="d">1564-1633</subfield>
      <subfield code="4">bezf</subfield>
      <subfield code="4">https://d-nb.info/standards/elementset/gnd#familialRelationship</subfield>
      <subfield code="w">r</subfield>
      <subfield code="i">Beziehung familiaer</subfield>
      <subfield code="e">Beziehung familiaer</subfield>
      <subfield code="9">v:Bruder</subfield>
    </datafield>
    <datafield tag="500" ind1="0" ind2=" ">
      <subfield code="0">(DE-101)104277157</subfield>
      <subfield code="0">(DE-588)104277157</subfield>
      <subfield code="0">https://d-nb.info/gnd/104277157</subfield>
      <subfield code="a">Elisabeth</subfield>
      <subfield code="c">Sachsen-Eisenach, Herzogin</subfield>
      <subfield code="d">1566-1596</subfield>
      <subfield code="4">bezf</subfield>
      <subfield code="4">https://d-nb.info/standards/elementset/gnd#familialRelationship</subfield>
      <subfield code="w">r</subfield>
      <subfield code="i">Beziehung familiaer</subfield>
      <subfield code="e">Beziehung familiaer</subfield>
      <subfield code="9">v:erste Ehefrau</subfield>
    </datafield>
    <datafield tag="500" ind1="0" ind2=" ">
      <subfield code="0">(DE-101)120183072</subfield>
      <subfield code="0">(DE-588)120183072</subfield>
      <subfield code="0">https://d-nb.info/gnd/120183072</subfield>
      <subfield code="a">Christine</subfield>
      <subfield code="c">Sachsen-Eisenach, Herzogin</subfield>
      <subfield code="d">1578-1658</subfield>
      <subfield code="4">bezf</subfield>
      <subfield code="4">https://d-nb.info/standards/elementset/gnd#familialRelationship</subfield>
      <subfield code="w">r</subfield>
      <subfield code="i">Beziehung familiaer</subfield>
      <subfield code="e">Beziehung familiaer</subfield>
      <subfield code="9">v:zweite Ehefrau</subfield>
    </datafield>
    <datafield tag="548" ind1=" " ind2=" ">
      <subfield code="a">1566-1638</subfield>
      <subfield code="4">datl</subfield>
      <subfield code="4">https://d-nb.info/standards/elementset/gnd#dateOfBirthAndDeath</subfield>
      <subfield code="w">r</subfield>
      <subfield code="i">Lebensdaten</subfield>
    </datafield>
    <datafield tag="548" ind1=" " ind2=" ">
      <subfield code="a">09.07.1566-23.10.1638</subfield>
      <subfield code="4">datx</subfield>
      <subfield code="4">https://d-nb.info/standards/elementset/gnd#dateOfBirthAndDeath</subfield>
      <subfield code="w">r</subfield>
      <subfield code="i">Exakte Lebensdaten</subfield>
    </datafield>
    <datafield tag="551" ind1=" " ind2=" ">
      <subfield code="0">(DE-101)040216527</subfield>
      <subfield code="0">(DE-588)4021652-4</subfield>
      <subfield code="0">https://d-nb.info/gnd/4021652-4</subfield>
      <subfield code="a">Gotha</subfield>
      <subfield code="4">ortg</subfield>
      <subfield code="4">https://d-nb.info/standards/elementset/gnd#placeOfBirth</subfield>
      <subfield code="w">r</subfield>
      <subfield code="i">Geburtsort</subfield>
    </datafield>
    <datafield tag="551" ind1=" " ind2=" ">
      <subfield code="0">(DE-101)04014013X</subfield>
      <subfield code="0">(DE-588)4014013-1</subfield>
      <subfield code="0">https://d-nb.info/gnd/4014013-1</subfield>
      <subfield code="a">Eisenach</subfield>
      <subfield code="4">orts</subfield>
      <subfield code="4">https://d-nb.info/standards/elementset/gnd#placeOfDeath</subfield>
      <subfield code="w">r</subfield>
      <subfield code="i">Sterbeort</subfield>
    </datafield>
    <datafield tag="667" ind1=" " ind2=" ">
      <subfield code="a">7</subfield>
    </datafield>
    <datafield tag="667" ind1=" " ind2=" ">
      <subfield code="a">VD-17</subfield>
    </datafield>
    <datafield tag="670" ind1=" " ind2=" ">
      <subfield code="a">Wikipedia</subfield>
      <subfield code="u">https://de.wikipedia.org/wiki/Johann_Ernst_%28Sachsen-Eisenach%29</subfield>
    </datafield>
    <datafield tag="672" ind1=" " ind2="0">
      <subfield code="a">Johann Kasimir &lt;Sachsen-Coburg, Herzog&gt;: Hofgerichts-Ordnung ..</subfield>
      <subfield code="f">1598</subfield>
    </datafield>
    <datafield tag="672" ind1=" " ind2="0">
      <subfield code="a">Johann Kasimir &lt;Sachsen-Coburg, Herzog&gt;: Renovirte und confirmirte Ordnung ..</subfield>
      <subfield code="f">1607</subfield>
    </datafield>
    <datafield tag="672" ind1=" " ind2="0">
      <subfield code="a">Johann Kasimir &lt;Sachsen-Coburg, Herzog&gt;: [Mandate, Getränkesteuer betr.]</subfield>
      <subfield code="f">1595</subfield>
    </datafield>
    <datafield tag="672" ind1=" " ind2="0">
      <subfield code="a">Wagner, Johann: Eisennachische Traur- und Land-Klage ..</subfield>
      <subfield code="f">1650</subfield>
    </datafield>
    <datafield tag="678" ind1=" " ind2=" ">
      <subfield code="b">regierte von 1572 bis zur Landesteilung 1596 zusammen mit seinem Bruder Johann Casimir das Herzogtum Sachsen-Coburg-Eisenach (bis 1586 unter Vormundschaft), bis 1633 war er Herzog von Sachsen-Eisenach, nach dem Tod seines Bruders 1633 regierte er beide Landesteile; heiratet 1591 Elisabeth von Mansfeld-Hinterort und 1598 Christine von Hessen-Kassel</subfield>
    </datafield>
    <datafield tag="913" ind1=" " ind2=" ">
      <subfield code="S">pnd</subfield>
      <subfield code="i">5</subfield>
      <subfield code="a">Johann Ernst &lt;Sachsen-Coburg-Eisenach, Herzog&gt;</subfield>
      <subfield code="0">(DE-588a)102305617</subfield>
    </datafield>
  </record>
